@book{cudabyexample,
	title = {CUDA By Example},
	isbn = {0-13-138768-5},
	publisher = {Addison-Wesley},
	author = {Sanders, Jason and Kandrot, Edward},
	year = {2010},
	pages = {290}
},

@article{greenfield_computed_1969,
	title = {Computed circular dichroism spectra for the evaluation of protein conformation},
	volume = {8},
	issn = {0006-2960},
	url = {http://pubs3.acs.org/acs/journals/doilookup?in\_doi=10.1021/bi00838a031},
	abstract = {no abstract},
	journal = {Biochemistry},
	author = {Norma J. Greenfield and Gerald D. Fasman},
	month = oct,
	year = {1969},
	pages = {4108-4116}
}